@article{nuti2023feasible,
  title={Feasible financial innovation under market socialism},
  author={Nuti, Domenico Mario},
  journal={Collected Works of Domenico Mario Nuti, Volume I: Socialist Economic Systems and Transition},
  pages={189--221},
  year={2023},
  publisher={Springer}
}

@article{demir2022fintech,
  title={Fintech, financial inclusion and income inequality: a quantile regression approach},
  author={Demir, Ayse and Pesqu{\'e}-Cela, Vanesa and Altunbas, Yener and Murinde, Victor},
  journal={The European Journal of Finance},
  volume={28},
  number={1},
  pages={86--107},
  year={2022},
  publisher={Taylor \& Francis}
}

@article{zulfikar2018estimation,
  title={Estimation model and selection method of panel data regression: An overview of common effect, fixed effect, and random effect model},
  author={Zulfikar, Rizka and STp, MM},
  journal={JEMA: Jurnal Ilmiah Bidang Akuntansi},
  volume={9},
  number={2},
  pages={1--10},
  year={2018}
}

@article{zhang2020mobile,
  title={Mobile health service adoption in China: integration of theory of planned behavior, protection motivation theory and personal health differences},
  author={Zhang, Xing and Liu, Shan and Wang, Li and Zhang, Yajun and Wang, Jiayin},
  journal={Online Information Review},
  volume={44},
  number={1},
  pages={1--23},
  year={2020},
  publisher={Emerald Publishing Limited}
}

@phdthesis{wokabi2018determinants,
  title={Determinants of financial inclusion in East Africa},
  author={Wokabi, Victoria W},
  year={2018},
  school={Kca University}
}

@article{vassilakopoulou2023bridging,
  title={Bridging digital divides: A literature review and research agenda for information systems research},
  author={Vassilakopoulou, Polyxeni and Hustad, Eli},
  journal={Information Systems Frontiers},
  volume={25},
  number={3},
  pages={955--969},
  year={2023},
  publisher={Springer}
}

@article{upadhyay2022consumer,
  title={Consumer adoption of mobile payment services during COVID-19: Extending meta-UTAUT with perceived severity and self-efficacy},
  author={Upadhyay, Nitin and Upadhyay, Shalini and Abed, Salma S and Dwivedi, Yogesh K},
  journal={International Journal of Bank Marketing},
  volume={40},
  number={5},
  pages={960--991},
  year={2022},
  publisher={Emerald Publishing Limited}
}

@article{trivelli2018financial,
  title={Financial inclusi{\'o}n for women: a way forward},
  author={Trivelli, Carolina and Invest, BID and Marincioni, Marcela and Pels, FINDO Jaqueline and Di Tella, ENI},
  journal={Gender economic equity: An imperative for the G20},
  volume={88},
  year={2018}
}

@book{tok2022fintech,
  title={Fintech: Financial inclusion or exclusion?},
  author={Tok, Yoke Wang and Heng, Dyna},
  year={2022},
  publisher={International Monetary Fund}
}

@article{tchamyou2019role,
  title={The role of ICT in modulating the effect of education and lifelong learning on income inequality and economic growth in Africa},
  author={Tchamyou, Vanessa S and Asongu, Simplice A and Odhiambo, Nicholas M},
  journal={African Development Review},
  volume={31},
  number={3},
  pages={261--274},
  year={2019},
  publisher={Wiley Online Library}
}

@article{tay2022digital,
  title={Digital financial inclusion: A gateway to sustainable development},
  author={Tay, Lee-Ying and Tai, Hen-Toong and Tan, Gek-Siang},
  journal={Heliyon},
  volume={8},
  number={6},
  year={2022},
  publisher={Elsevier}
}

@article{tanveer2021perceived,
  title={Do perceived risk, perception of self-efficacy, and openness to technology matter for solar PV adoption? An application of the extended theory of planned behavior},
  author={Tanveer, Arifa and Zeng, Shihong and Irfan, Muhammad and Peng, Rui},
  journal={Energies},
  volume={14},
  number={16},
  pages={5008},
  year={2021},
  publisher={MDPI}
}

@article{soutter2019digital,
  title={Digital payments: Impact factors and mass adoption in sub-saharan Africa},
  author={Soutter, Leigh and Ferguson, Kenzie and Neubert, Michael},
  journal={Technology Innovation Management Review},
  volume={9},
  number={7},
  year={2019}
}

@article{sioson2019closing,
  title={Closing the gender gap in financial inclusion through Fintech},
  author={Sioson, Erica Paula},
  year={2019},
  publisher={Asian Development Bank}
}

@article{senyo2020unearthing,
  title={Unearthing antecedents to financial inclusion through FinTech innovations},
  author={Senyo, Prince Kwame and Osabutey, Ellis LC},
  journal={Technovation},
  volume={98},
  pages={102155},
  year={2020},
  publisher={Elsevier}
}

@book{sahay2020promise,
  title={The promise of fintech: Financial inclusion in the post COVID-19 era},
  author={Sahay, Ms Ratna and von Allmen, Mr Ulric Eriksson and Lahreche, Ms Amina and Khera, Purva and Ogawa, Ms Sumiko and Bazarbash, Majid and Beaton, Ms Kimberly},
  year={2020},
  publisher={International Monetary Fund}
}

@article{sabri2020influence,
  title={The influence of money attitude, financial practices, self-efficacy and emotion coping on employees’ financial well-being},
  author={Sabri, M and Wijekoon, Rusitha and Rahim, H},
  journal={Management Science Letters},
  volume={10},
  number={4},
  pages={889--900},
  year={2020}
}

@article{sabahi2020impact,
  title={The impact of entrepreneurship orientation on project performance: A machine learning approach},
  author={Sabahi, Sima and Parast, Mahour Mellat},
  journal={International Journal of Production Economics},
  volume={226},
  pages={107621},
  year={2020},
  publisher={Elsevier}
}

@article{ranabahu2023preliminary,
  title={A Preliminary Comparison of Two Ecosystems: Fintech Opportunities and Challenges for Financial Inclusion},
  author={Ranabahu, Nadeera},
  journal={The Fintech Disruption: How Financial Innovation Is Transforming the Banking Industry},
  pages={243--266},
  year={2023},
  publisher={Springer}
}

@article{pandey2023investigating,
  title={Investigating the determinants of financial inclusion in BRICS economies: panel data analysis using fixed-effect and cross-section random effect},
  author={Pandey, Amit and Kiran, Ravi and Sharma, Rakesh Kumar},
  journal={Sustainability},
  volume={15},
  number={2},
  pages={1603},
  year={2023},
  publisher={MDPI}
}

@article{omar2020does,
  title={Does financial inclusion reduce poverty and income inequality in developing countries? A panel data analysis},
  author={Omar, Md Abdullah and Inaba, Kazuo},
  journal={Journal of economic structures},
  volume={9},
  number={1},
  pages={37},
  year={2020},
  publisher={Springer}
}

@article{noor2020financial,
  title={Financial literacy, financial self-efficacy and financial account ownership behavior in Pakistan},
  author={Noor, Nimra and Batool, Irem and Arshad, Hafiz Muhammad},
  journal={Cogent Economics \& Finance},
  volume={8},
  number={1},
  pages={1806479},
  year={2020},
  publisher={Taylor \& Francis}
}

@article{nadeem2020investors,
  title={How investors attitudes shape stock market participation in the presence of financial self-efficacy},
  author={Nadeem, Muhammad Asif and Qamar, Muhammad Ali Jibran and Nazir, Mian Sajid and Ahmad, Israr and Timoshin, Anton and Shehzad, Khurram},
  journal={Frontiers in Psychology},
  volume={11},
  pages={553351},
  year={2020},
  publisher={Frontiers Media SA}
}

@article{mukong2020decomposition,
  title={A decomposition of the gender gap in financial inclusion: evidence from Namibia},
  author={Mukong, Alfred and Shiwayu, Nikanor and Kaulihowa, Teresia},
  journal={African Journal of Business and Economic Research},
  volume={15},
  number={4},
  pages={149},
  year={2020},
  publisher={Adonis \& Abbey Publishers Ltd}
}

@incollection{moufakkir2020nexus,
  title={The nexus between FinTech adoption and financial inclusion},
  author={Moufakkir, Marouane and Mohammed, Qmichchou},
  booktitle={Impact of financial technology (FinTech) on Islamic finance and financial stability},
  pages={193--209},
  year={2020},
  publisher={IGI Global}
}

@article{lyons2020impacts,
  title={Impacts of financial and digital inclusion on poverty in South Asia and Sub-Saharan Africa},
  author={Lyons, Angela and Kass-Hanna, Josephine and Greenlee, Andrew},
  journal={Available at SSRN 3684265},
  year={2020}
}

@article{abebe2017driving,
  title={Driving Gender-Responsive Financial Inclusion Models in Africa 1},
  author={Abebe, JO and Maina, L and Ondiek, J and Ogolla, C},
  journal={UN Women},
  year={2017}
}

@article{arnold2019gender,
  title={Gender and financial inclusion: the critical role for holistic programming},
  author={Arnold, Julia and Gammage, Sarah},
  journal={Development in Practice},
  volume={29},
  number={8},
  pages={965--973},
  year={2019},
  publisher={Taylor \& Francis}
}

@article{hendriks2019role,
  title={The role of financial inclusion in driving women’s economic empowerment},
  author={Hendriks, Sarah},
  journal={Development in Practice},
  volume={29},
  number={8},
  pages={1029--1038},
  year={2019},
  publisher={Taylor \& Francis}
}

@incollection{guerin2023financial,
  title={Financial inclusion and gender},
  author={Gu{\'e}rin, Isabelle},
  booktitle={Handbook of Microfinance, Financial Inclusion and Development},
  pages={66--82},
  year={2023},
  publisher={Edward Elgar Publishing}
}

@article{adegbite2020bridging,
  title={Bridging the financial inclusion gender gap in smallholder agriculture in Nigeria: An untapped potential for sustainable development},
  author={Adegbite, Olayinka O and Machethe, Charles L},
  journal={World Development},
  volume={127},
  pages={104755},
  year={2020},
  publisher={Elsevier}
}

@article{atakli2020nexus,
  title={Nexus between financial inclusion, gender and agriculture productivity in Ghana},
  author={Atakli, Blessing Amos and Agbenyo, Wonder and others},
  journal={Theoretical Economics Letters},
  volume={10},
  number={03},
  pages={545},
  year={2020},
  publisher={Scientific Research Publishing}
}

@article{banna2022fintech,
  title={Fintech-based financial inclusion and risk-taking of microfinance institutions (MFIs): Evidence from Sub-Saharan Africa},
  author={Banna, Hasanul and Mia, Md Aslam and Nourani, Mohammad and Yarovaya, Larisa},
  journal={Finance Research Letters},
  volume={45},
  pages={102149},
  year={2022},
  publisher={Elsevier}
}

@book{board2020financial,
  title={Financial stability board},
  author={Board, Financial Stability},
  year={2020},
  publisher={Financial Stability Board}
}

@book{demirguc2018global,
  title={The Global Findex Database 2017: Measuring financial inclusion and the fintech revolution},
  author={Demirguc-Kunt, Asli and Klapper, Leora and Singer, Dorothe and Ansar, Saniya},
  year={2018},
  publisher={World Bank Publications}
}

@blog{Ferrer2023Sub-Saharan,
  title={Sub-Saharan Africa: The financial gender gap between men and women, World Bank Blogs. },
  author={Marie-Hélène Ferrer, Perrin, C. and Jacolin, L},
  year={2023},
  publisher={World Bank Publications}
}

@article{asongu2022role,
  title={The role of mobile characteristics on mobile money innovations},
  author={Asongu, Simplice and Odhiambo, Nicholas},
  journal={Quality \& Quantity},
  volume={56},
  number={6},
  pages={4693--4710},
  year={2022},
  publisher={Springer}
}

@article{chen2023fintech,
  title={The fintech gender gap},
  author={Chen, Sharon and Doerr, Sebastian and Frost, Jon and Gambacorta, Leonardo and Shin, Hyun Song},
  journal={Journal of Financial Intermediation},
  volume={54},
  pages={101026},
  year={2023},
  publisher={Elsevier}
}

@book{sahay2018women,
  title={Women in finance: A case for closing gaps},
  author={Sahay, Ms Ratna and Cihak, Mr Martin},
  year={2018},
  publisher={International Monetary Fund}
}

@article{chetty2019review,
  title={Review of fintech strategies for financial inclusion in Sub-Saharan Africa},
  author={Chetty, Krish and Josie, Jaya and Siswana, Babalwa and Mashotola, Ephafarus and Kariuki, Kim and Johnson, Chernay and Luo, M},
  journal={International Financial Architecture for Stability and Development/Crypto--Assets and Fintech},
  pages={1--14},
  year={2019}
}

@article{neaime2018financial,
  title={Financial inclusion and stability in MENA: Evidence from poverty and inequality},
  author={Neaime, Simon and Gaysset, Isabelle},
  journal={Finance Research Letters},
  volume={24},
  pages={230--237},
  year={2018},
  publisher={Elsevier}
}

@article{guiso2023patriarchy,
  title={From patriarchy to partnership: Gender equality and household finance},
  author={Guiso, Luigi and Zaccaria, Luana},
  journal={Journal of Financial Economics},
  volume={147},
  number={3},
  pages={573--595},
  year={2023},
  publisher={Elsevier}
}

@article{mndolwa2020gender,
  title={Gender disparities in financial inclusion: Insights from Tanzania},
  author={Mndolwa, Florence D and Alhassan, Abdul Latif},
  journal={African Development Review},
  volume={32},
  number={4},
  pages={578--590},
  year={2020},
  publisher={Wiley Online Library}
}

@article{chen2019valuable,
  title={How valuable is FinTech innovation?},
  author={Chen, Mark A and Wu, Qinxi and Yang, Baozhong},
  journal={The Review of Financial Studies},
  volume={32},
  number={5},
  pages={2062--2106},
  year={2019},
  publisher={Oxford University Press}
}

@inproceedings{yeyouomo2023fintechs,
  title={Fintechs and the financial inclusion gender gap in Sub-Saharan African countries},
  author={Yeyouomo, Aurelien Kamdem and Asongu, Simplice A and Agyemang-Mintah, Peter},
  booktitle={Women's Studies International Forum},
  volume={97},
  pages={102695},
  year={2023},
  organization={Elsevier}
}

@article{hinson2019transforming,
  title={Transforming agribusiness in developing countries: SDGs and the role of FinTech},
  author={Hinson, Robert and Lensink, Robert and Mueller, Annika},
  journal={Current Opinion in Environmental Sustainability},
  volume={41},
  pages={1--9},
  year={2019},
  publisher={Elsevier}
}

